<?xml version="1.0" encoding="UTF-8"?><collection xmlns="http://www.loc.gov/MARC21/slim"><record><leader>00444nam--2200121-i-4500</leader><controlfield tag="001">000001934</controlfield><controlfield tag="002">20161230</controlfield><controlfield tag="005">20161230201024</controlfield><controlfield tag="008">060222s1000------------r-----000-0-eng-d</controlfield><datafield ind1=" " ind2=" " tag="245"><subfield code="a">Dopuszczalne dawki promieniowania wewnetrznego</subfield></datafield><datafield ind1=" " ind2=" " tag="260"><subfield code="a">Warszawa, Wydaje Osrodek Informacji, 1961. 255 P</subfield></datafield><datafield ind1=" " ind2=" " tag="490"><subfield code="a">Z Oryginalu: Report Of International Commission On Radiological Protection Committe Ii On Permissible Dose For Internal Radiation</subfield></datafield><datafield ind1=" " ind2=" " tag="852"><subfield code="a">1891</subfield></datafield></record></collection>